@manual{OpenStack ,
  author = {},
  title= "software platform for cloud computing (IaaS)",
  note = "\url{https://www.openstack.org/}",
}

@manual{OVHcloud ,
  author = {},
  title= "French cloud computing company",
  note = "\url{https://www.ovhcloud.com/ }"
}

@manual{AWS,
  author = {},
  title= "cloud computing platform",
  note = "\url{Link: https://aws.amazon.com/}",
}

@manual{Ansible ,
  author = {},
  title= "infrastructure as code (IaC) automation tool",
  note = "\url{Link: https://www.ansible.com/}",
}

@manual{Terraform,
  author = {},
  title= "infrastructure as code (IaC) automation tool",
  note = "\url{ https://www.terraform.io/}",
}

@manual{Linux ,
  author = {},
  title= "open-source operating system kernel",
  note = "\url{https://www.linux.org/ }]",
}

@manual{Kubernetes ,
  author = {},
  title= "provider of packaged applications and development stacks for cloud environments",
  note = "\url{https://bitnami.com/}"
}

@manual{Helm ,
  author = {},
  title= "package manager for Kubernetes",
  note = "\url{https://helm.sh/}"
}

@manual{Docker ,
  author = {},
  title= "containerization platform",
  note = "\url{https://www.docker.com/}"
}

@manual{Traefik ,
  author = {},
  title= "reverse proxy and load",
  note = "\url{https://traefik.io/}"
}

@manual{MetalLB ,
  author = {},
  title= "bare metal load balancer implementation",
  note = "\url{https://metallb.universe.tf/}"
}

@manual{Cert-manager ,
  author = {},
  title= "TLS certificate provisioner",
  note = "\url{https://cert-manager.io/}"
}

@manual{Authelia ,
  author = {},
  title= "single sign-on portal",
  note = "\url{https://www.authelia.com/}"
}

@manual{OpenLDAP ,
  author = {},
  title= "Lightweight Directory Access Protocol (LDAP)",
  note = "\url{https://www.openldap.org}"
}

@manual{Redis,
  author = {},
  title= " in-memory data store",
  note = "\url{https://redis.io/}"
}


@manual{Ceph ,
  author = {},
  title= "storage platform",
  note = "\url{https://ceph.io/ }",
}

@manual{Jenkins ,
  author = {},
  title= "automation server.",
  note = "\url{https://www.jenkins.io/ }"
}

@manual{ Groovy,   author = {},   title= "optionally typed and dynamic language for the Java Virtual Machine (JVM).",   note = "\url{https://groovy-lang.org/ }" }

@manual{ArgoCD,   author = {},   title= "continuous delivery tool for Kubernetes.",   note = "\url{https://argoproj.github.io/argo-cd/ }" }

@manual{SonarQube,   author = {},   title= "continuous code quality inspection platform.",   note = "\url{https://www.sonarqube.org/ }" }

@manual{Harbor,   author = {},   title= "container registry.",   note = "\url{https://goharbor.io/ }" }

@manual{PHP,   author = {},   title= "server-side scripting language for web development.",   note = "\url{https://www.php.net/ }" }

@manual{Symfony,   author = {},   title= "PHP web application framework.",   note = "\url{https://symfony.com/ }" }

@manual{Angular,   
    author = {},   
    title= "TypeScript-based front-end web application platform.",   
    note ="\url{https://angular.io/ }" 
}

@manual{Nginx,   
    author = {},   
    title= "web server and reverse proxy.",   
    note = "\url{https://www.nginx.com/ }" 
}

@manual{Apachehttpd,   
    author = {},   
    title= "web server.",   
    note = "\url{https://httpd.apache.org/ }"
}

@manual{YTT,   author = {},   title= "YAML templating tool for Kubernetes.",   note = "\url{https://carvel.dev/ytt/ }" }

@manual{Jinja2,   author = {},   title= "template engine for Python.",   note = "\url{https://palletsprojects.com/p/jinja/ }" }

@manual{MongoDB,   author = {},   title= "document-oriented NoSQL database.",   note = "\url{https://www.mongodb.com/ }" }

@manual{PostgreSQL,   author = {},   title= "relational database management system.",   note = "\url{https://www.postgresql.org/ }"
}

@manual{Python,   author = {},   title= "high-level programming language.",   note = "\url{https://www.python.org/  }" }

@manual{Bash,   author = {},   title= "Unix shell and command language.",   note = "\url{https://www.gnu.org/software/bash/ }" }